<record><leader>00000cas a22000007a 4500</leader><controlfield tag="001">15273384</controlfield><controlfield tag="008">870305d18901906nmuwr ne      0    0eng d</controlfield><datafield ind1=" " ind2=" " tag="010"><subfield code="a">sn 86090932 </subfield></datafield><datafield ind1=" " ind2=" " tag="040"><subfield code="a">PPM</subfield><subfield code="b">eng</subfield><subfield code="c">PPM</subfield><subfield code="d">NVM</subfield><subfield code="d">CNK</subfield><subfield code="d">OCLCQ</subfield><subfield code="d">OCLCF</subfield><subfield code="d">OCLCO</subfield></datafield><datafield ind1="1" ind2=" " tag="029"><subfield code="a">AU@</subfield><subfield code="b">000025793403</subfield></datafield><datafield ind1=" " ind2=" " tag="042"><subfield code="a">msc</subfield></datafield><datafield ind1=" " ind2=" " tag="043"><subfield code="a">n-us-nm</subfield></datafield><datafield ind1="0" ind2="4" tag="245"><subfield code="a">The Roswell register.</subfield></datafield><datafield ind1=" " ind2=" " tag="260"><subfield code="a">Roswell, Chaves County, N.M. :</subfield><subfield code="b">James Kibbee</subfield></datafield><datafield ind1=" " ind2=" " tag="300"><subfield code="a">v.</subfield></datafield><datafield ind1=" " ind2=" " tag="310"><subfield code="a">Weekly</subfield></datafield><datafield ind1="1" ind2=" " tag="362"><subfield code="a">Began in 1890.</subfield></datafield><datafield ind1="0" ind2=" " tag="362"><subfield code="a">-v. 18, no. 9 (Feb. 23, 1906).</subfield></datafield><datafield ind1=" " ind2=" " tag="588"><subfield code="a">Description based on: Vol. 2, no. 50 (Nov. 8, 1890).</subfield></datafield><datafield ind1=" " ind2="0" tag="651"><subfield code="a">Roswell (N.M.)</subfield><subfield code="v">Newspapers.</subfield></datafield><datafield ind1=" " ind2="0" tag="651"><subfield code="a">Chaves County (N.M.)</subfield><subfield code="v">Newspapers.</subfield></datafield><datafield ind1=" " ind2="7" tag="655"><subfield code="a">Newspapers.</subfield><subfield code="2">fast</subfield><subfield code="0">(OCoLC)fst01423814</subfield></datafield><datafield ind1=" " ind2="7" tag="651"><subfield code="a">New Mexico</subfield><subfield code="z">Chaves County.</subfield><subfield code="2">fast</subfield><subfield code="0">(OCoLC)fst01210042</subfield></datafield><datafield ind1=" " ind2="7" tag="651"><subfield code="a">New Mexico</subfield><subfield code="z">Roswell.</subfield><subfield code="2">fast</subfield><subfield code="0">(OCoLC)fst01210823</subfield></datafield><datafield ind1=" " ind2=" " tag="752"><subfield code="a">United States</subfield><subfield code="b">New Mexico</subfield><subfield code="c">Chaves</subfield><subfield code="d">Roswell.</subfield></datafield><datafield ind1="0" ind2="0" tag="780"><subfield code="t">Pecos Valley register</subfield><subfield code="w">(DLC)sn 86090978</subfield></datafield><datafield ind1="0" ind2="5" tag="780"><subfield code="t">Irrigator (Hagerman, N.M.)</subfield><subfield code="w">(DLC)sn 93061449</subfield></datafield><datafield ind1="0" ind2="7" tag="785"><subfield code="t">Roswell tribune</subfield><subfield code="w">(DLC)sn 93061452</subfield></datafield><datafield ind1="0" ind2="7" tag="785"><subfield code="t">Roswell register-tribune</subfield><subfield code="w">(DLC)sn 93061488</subfield></datafield></record>